@inproceedings{inproceedings,
    author = {Kaplan, Özgür and Saykol, Ediz},
    year = {2018},
    month = {11},
    title = {Comparison of Support Vector Machines and Deep Learning for Vehicle Detection},
    booktitle={RTA-CSIT}
}

@misc{google-AI, 
    author = {Mingxing Tan},
    title={EfficientNet: Improving Accuracy and Efficiency through AutoML and Model Scaling},
    howpublished = {\url{https://ai.googleblog.com/2019/05/efficientnet-improving-accuracy-and.html}},
    journal={Google AI Blog}, 
    year={2019}, 
    month={May}
} 

 @misc{oliver_2008, 
    title={Automatic Mass Segmentation in Mammographic Images}, 
    howpublished = {\url{http://eia.udg.edu/~aoliver/publications/tesi/node147.html}},
    journal={FROC analysis}, 
    author={Oliver, Arnau}, 
    year={2008}
} 

@article{FROC,
    title = {{ROC, LROC, FROC, AFROC: An Alphabet Soup}},
    author = "Xin He and Eric Frey",
    year = "2009",
    month = sep,
    volume = "6",
    pages = "652--655",
    journal = "Journal of the American College of Radiology",
    publisher = "Elsevier BV",
    number = "9",
}

@inproceedings{book,
    author = {Dev Chakraborty},
    year = {2009},
    chapter = {16},
    title = {{The FROC, AFROC and DROC Variants of the ROC Analysis}},
    publisher = {SPIE Publications},
    booktitle={Handbook of Medical Imaging},
    volume = {1. Physics and Psychophysics},
    pages = {774}
}
